@online{instructions,
    author = {Nicole, D. A. and Halak, B.},
    publisher = {University of Southampton},
    title = {Microsoft Word - Final updated elec6032assignment\_2013},
    year = 2013,
    url = {https://secure.ecs.soton.ac.uk/notes/elec6032/bh1/final1.pdf},
    cited = {2013-05-08},
    format = {other}
}

@online{stochastic-searching,
    author = {James Lyons},
    publisher = {Practical Cryptography},
    title = {Cryptanalysis of the Simple Substitution Cipher},
    url = {http://practicalcryptography.com/cryptanalysis/stochastic-searching/cryptanalysis-simple-substitution-cipher/},
    year = 2012,
    cited = {2013-05-08},
    format = {other}
}